<?xml version="1.0" encoding="UTF-8"?>
<OAI-PMH xmlns="http://www.openarchives.org/OAI/2.0/" xmlns:xsi="http://www.w3.org/2001/XMLSchema-instance" xsi:schemaLocation="http://www.openarchives.org/OAI/2.0/ http://www.openarchives.org/OAI/2.0/OAI-PMH.xsd">
  <ListRecords>
    <record>
      <header>
        <identifier>aleph-publish:000313824</identifier>
      </header>
      <metadata>
        <record xmlns="http://www.ddb.de/professionell/mabxml/mabxml-1.xsd">
          <leader>00000nM2.01200024------h</leader>
          <controlfield tag="LDR">00000nM2.01200024------h</controlfield>
          <controlfield tag="FMT">MH</controlfield>
          <datafield tag="001" ind1="-" ind2="1">
            <subfield code="a">HT002185046</subfield>
          </datafield>
          <datafield tag="002" ind1="a" ind2="1">
            <subfield code="a">19991118</subfield>
          </datafield>
          <datafield tag="003" ind1="-" ind2="1">
            <subfield code="a">20150316152944</subfield>
          </datafield>
          <datafield tag="020" ind1="a" ind2="1">
            <subfield code="a">7155-9</subfield>
            <subfield code="b">DNB</subfield>
          </datafield>
          <datafield tag="025" ind1="a" ind2="1">
            <subfield code="a">01009637X</subfield>
          </datafield>
          <datafield tag="025" ind1="z" ind2="1">
            <subfield code="a">7155-9</subfield>
          </datafield>
          <datafield tag="026" ind1="-" ind2="1">
            <subfield code="a">ZDB7155-9</subfield>
          </datafield>
          <controlfield tag="030">a||da||||||37</controlfield>
          <datafield tag="036" ind1="a" ind2="1">
            <subfield code="a">XA-DE</subfield>
          </datafield>
          <datafield tag="037" ind1="b" ind2="1">
            <subfield code="a">ger</subfield>
          </datafield>
          <controlfield tag="050">a|a|||||||||||</controlfield>
          <controlfield tag="052">p||||||aq||||||</controlfield>
          <datafield tag="070" ind1="-" ind2="1">
            <subfield code="a">9001</subfield>
          </datafield>
          <datafield tag="070" ind1="a" ind2="1">
            <subfield code="a">DNB</subfield>
          </datafield>
          <datafield tag="070" ind1="b" ind2="1">
            <subfield code="a">9001</subfield>
          </datafield>
          <datafield tag="073" ind1="-" ind2="1">
            <subfield code="a">24,1</subfield>
          </datafield>
          <datafield tag="200" ind1="b" ind2="1">
            <subfield code="k">Bibliotheksverbund Bayern</subfield>
            <subfield code="9">(DE-588)2106490-8</subfield>
          </datafield>
          <datafield tag="204" ind1="b" ind2="1">
            <subfield code="k">Bayern</subfield>
            <subfield code="b">Generaldirektion der Bayerischen Staatlichen Bibliotheken</subfield>
            <subfield code="9">(DE-588)35847-2</subfield>
          </datafield>
          <datafield tag="208" ind1="b" ind2="1">
            <subfield code="k">Bayerische Staatsbibliothek</subfield>
            <subfield code="9">(DE-588)2031351-2</subfield>
          </datafield>
          <datafield tag="331" ind1="-" ind2="1">
            <subfield code="a">Bibliotheksforum Bayern</subfield>
          </datafield>
          <datafield tag="335" ind1="-" ind2="1">
            <subfield code="a">BFB</subfield>
          </datafield>
          <datafield tag="359" ind1="-" ind2="1">
            <subfield code="a">Hrsg.: Bibliotheksverbund Bayern, Bayerische Staatsbibliothek</subfield>
          </datafield>
          <datafield tag="370" ind1="c" ind2="1">
            <subfield code="a">Bibliotheks-Forum Bayern</subfield>
          </datafield>
          <datafield tag="370" ind1="c" ind2="1">
            <subfield code="a">BFB</subfield>
          </datafield>
          <datafield tag="376" ind1="-" ind2="1">
            <subfield code="a">Bibl.-Forum Bayern,München,DE</subfield>
          </datafield>
          <datafield tag="405" ind1="-" ind2="1">
            <subfield code="a">1.1973 - 34.2006; [N.F.] 1.2007 -</subfield>
          </datafield>
          <datafield tag="406" ind1="b" ind2="1">
            <subfield code="j">1973</subfield>
          </datafield>
          <datafield tag="410" ind1="-" ind2="1">
            <subfield code="a">München</subfield>
          </datafield>
          <datafield tag="412" ind1="-" ind2="1">
            <subfield code="a">Bibliotheksverbund</subfield>
          </datafield>
          <datafield tag="415" ind1="-" ind2="1">
            <subfield code="a">Regensburg</subfield>
          </datafield>
          <datafield tag="417" ind1="-" ind2="1">
            <subfield code="a">Manz</subfield>
          </datafield>
          <datafield tag="418" ind1="-" ind2="1">
            <subfield code="a">Pullach, München</subfield>
            <subfield code="g">Verl. Dokumentation</subfield>
            <subfield code="h">anfangs</subfield>
          </datafield>
          <datafield tag="418" ind1="-" ind2="1">
            <subfield code="a">München</subfield>
            <subfield code="g">Verl. Dokumentation</subfield>
            <subfield code="h">1975-1977</subfield>
          </datafield>
          <datafield tag="418" ind1="-" ind2="1">
            <subfield code="a">München ; New Providence ; London ; Paris</subfield>
            <subfield code="g">Saur</subfield>
            <subfield code="h">früher</subfield>
          </datafield>
          <datafield tag="425" ind1="b" ind2="1">
            <subfield code="a">1973</subfield>
          </datafield>
          <datafield tag="431" ind1="-" ind2="1">
            <subfield code="a">Index 1/10.1973/82; Index 1/25.1973/97</subfield>
          </datafield>
          <datafield tag="435" ind1="-" ind2="1">
            <subfield code="a">30 cm</subfield>
          </datafield>
          <datafield tag="509" ind1="-" ind2="1">
            <subfield code="p">Urh. früher</subfield>
            <subfield code="a">Generaldirektion der Bayerischen Staatlichen Bibliotheken; teils: Bayerische Staatsbibliothek</subfield>
          </datafield>
          <datafield tag="523" ind1="-" ind2="1">
            <subfield code="a">Bis 2006 3x jährl.; ab 2007 4x jährl.</subfield>
          </datafield>
          <datafield tag="527" ind1="z" ind2="1">
            <subfield code="p">Online-Ausg. ---&gt;</subfield>
            <subfield code="a">Bibliotheksforum Bayern</subfield>
            <subfield code="9">HT015041395</subfield>
          </datafield>
          <datafield tag="531" ind1="z" ind2="1">
            <subfield code="p">Darin aufgeg. ---&gt;</subfield>
            <subfield code="a">Öffentliche Bibliotheken in Bayern</subfield>
            <subfield code="9">HT013329494</subfield>
          </datafield>
          <datafield tag="542" ind1="a" ind2="1">
            <subfield code="a">0340-000X</subfield>
          </datafield>
          <datafield tag="542" ind1="a" ind2="1">
            <subfield code="a">0340-000X</subfield>
          </datafield>
          <datafield tag="545" ind1="a" ind2="1">
            <subfield code="a">0340-000X</subfield>
            <subfield code="e">= Bibliotheks-Forum Bayern</subfield>
          </datafield>
          <datafield tag="574" ind1="-" ind2="1">
            <subfield code="a">83,A05,0004</subfield>
          </datafield>
          <datafield tag="700" ind1="-" ind2="1">
            <subfield code="a">020</subfield>
            <subfield code="2">DNB</subfield>
          </datafield>
          <datafield tag="700" ind1="-" ind2="1">
            <subfield code="a">020</subfield>
            <subfield code="2">ZDB</subfield>
          </datafield>
          <datafield tag="700" ind1="l" ind2="1">
            <subfield code="a">560</subfield>
          </datafield>
          <datafield tag="700" ind1="v" ind2="1">
            <subfield code="a">a 12</subfield>
          </datafield>
          <datafield tag="700" ind1="v" ind2="1">
            <subfield code="a">a 2</subfield>
          </datafield>
          <datafield tag="700" ind1="w" ind2="1">
            <subfield code="a">012000*zs</subfield>
          </datafield>
          <datafield tag="700" ind1="t" ind2="1">
            <subfield code="a">INF 100z</subfield>
          </datafield>
          <datafield tag="700" ind1="g" ind2="1">
            <subfield code="a">AN 10100</subfield>
          </datafield>
          <datafield tag="705" ind1="a" ind2="1">
            <subfield code="a">027.043305</subfield>
            <subfield code="c">027</subfield>
            <subfield code="e">DDC22ger</subfield>
            <subfield code="f">05</subfield>
            <subfield code="g">433</subfield>
          </datafield>
          <datafield tag="902" ind1="-" ind2="1">
            <subfield code="g">Bayern</subfield>
            <subfield code="9">(DE-588)4005044-0</subfield>
          </datafield>
          <datafield tag="902" ind1="-" ind2="1">
            <subfield code="s">Bibliothek</subfield>
            <subfield code="9">(DE-588)4006439-6</subfield>
          </datafield>
          <datafield tag="902" ind1="-" ind2="1">
            <subfield code="f">Zeitschrift</subfield>
          </datafield>
          <datafield tag="904" ind1="a" ind2="1">
            <subfield code="a">DNB</subfield>
          </datafield>
          <controlfield tag="SYS">000313824</controlfield>
          <datafield tag="PSW" ind1="-" ind2="1">
            <subfield code="g">Bavarian State</subfield>
            <subfield code="9">(DE-588)4005044-0</subfield>
          </datafield>
          <datafield tag="PSW" ind1="-" ind2="1">
            <subfield code="g">Bayerischer Staat</subfield>
            <subfield code="9">(DE-588)4005044-0</subfield>
          </datafield>
          <datafield tag="PSW" ind1="-" ind2="1">
            <subfield code="g">Baiern</subfield>
            <subfield code="9">(DE-588)4005044-0</subfield>
          </datafield>
          <datafield tag="PSW" ind1="-" ind2="1">
            <subfield code="g">Volksstaat Bayern</subfield>
            <subfield code="9">(DE-588)4005044-0</subfield>
          </datafield>
          <datafield tag="PSW" ind1="-" ind2="1">
            <subfield code="g">Bavière</subfield>
            <subfield code="9">(DE-588)4005044-0</subfield>
          </datafield>
          <datafield tag="PSW" ind1="-" ind2="1">
            <subfield code="g">Bayrn</subfield>
            <subfield code="9">(DE-588)4005044-0</subfield>
          </datafield>
          <datafield tag="PSW" ind1="-" ind2="1">
            <subfield code="g">BY</subfield>
            <subfield code="9">(DE-588)4005044-0</subfield>
          </datafield>
          <datafield tag="PSW" ind1="-" ind2="1">
            <subfield code="g">Herzogtum Bayern</subfield>
            <subfield code="9">(DE-588)4005044-0</subfield>
          </datafield>
          <datafield tag="PSW" ind1="-" ind2="1">
            <subfield code="g">Königreich Bayern</subfield>
            <subfield code="9">(DE-588)4005044-0</subfield>
          </datafield>
          <datafield tag="PSW" ind1="-" ind2="1">
            <subfield code="g">Churbayern</subfield>
            <subfield code="9">(DE-588)4005044-0</subfield>
          </datafield>
          <datafield tag="PSW" ind1="-" ind2="1">
            <subfield code="g">Bavaria</subfield>
            <subfield code="9">(DE-588)4005044-0</subfield>
          </datafield>
          <datafield tag="PSW" ind1="-" ind2="1">
            <subfield code="g">Kurfürstentum Bayern</subfield>
            <subfield code="9">(DE-588)4005044-0</subfield>
          </datafield>
          <datafield tag="PSW" ind1="-" ind2="1">
            <subfield code="g">Kurbayern</subfield>
            <subfield code="9">(DE-588)4005044-0</subfield>
          </datafield>
          <datafield tag="PSW" ind1="-" ind2="1">
            <subfield code="g">Freistaat Bayern</subfield>
            <subfield code="9">(DE-588)4005044-0</subfield>
          </datafield>
          <datafield tag="PSW" ind1="-" ind2="1">
            <subfield code="g">Stammesherzogtum Bayern</subfield>
            <subfield code="9">(DE-588)4005044-0</subfield>
          </datafield>
          <datafield tag="PSW" ind1="-" ind2="1">
            <subfield code="g">Bavarian State</subfield>
            <subfield code="9">(DE-588)4005044-0</subfield>
          </datafield>
          <datafield tag="PSW" ind1="-" ind2="1">
            <subfield code="g">Bayerischer Staat</subfield>
            <subfield code="9">(DE-588)4005044-0</subfield>
          </datafield>
          <datafield tag="PSW" ind1="-" ind2="1">
            <subfield code="g">Baiern</subfield>
            <subfield code="9">(DE-588)4005044-0</subfield>
          </datafield>
          <datafield tag="PSW" ind1="-" ind2="1">
            <subfield code="g">Volksstaat Bayern</subfield>
            <subfield code="9">(DE-588)4005044-0</subfield>
          </datafield>
          <datafield tag="PSW" ind1="-" ind2="1">
            <subfield code="g">Bavière</subfield>
            <subfield code="9">(DE-588)4005044-0</subfield>
          </datafield>
          <datafield tag="PSW" ind1="-" ind2="1">
            <subfield code="g">Bayrn</subfield>
            <subfield code="9">(DE-588)4005044-0</subfield>
          </datafield>
          <datafield tag="PSW" ind1="-" ind2="1">
            <subfield code="g">BY</subfield>
            <subfield code="9">(DE-588)4005044-0</subfield>
          </datafield>
          <datafield tag="PSW" ind1="-" ind2="1">
            <subfield code="g">Herzogtum Bayern</subfield>
            <subfield code="9">(DE-588)4005044-0</subfield>
          </datafield>
          <datafield tag="PSW" ind1="-" ind2="1">
            <subfield code="g">Königreich Bayern</subfield>
            <subfield code="9">(DE-588)4005044-0</subfield>
          </datafield>
          <datafield tag="PSW" ind1="-" ind2="1">
            <subfield code="g">Churbayern</subfield>
            <subfield code="9">(DE-588)4005044-0</subfield>
          </datafield>
          <datafield tag="PSW" ind1="-" ind2="1">
            <subfield code="g">Bavaria</subfield>
            <subfield code="9">(DE-588)4005044-0</subfield>
          </datafield>
          <datafield tag="PSW" ind1="-" ind2="1">
            <subfield code="g">Kurfürstentum Bayern</subfield>
            <subfield code="9">(DE-588)4005044-0</subfield>
          </datafield>
          <datafield tag="PSW" ind1="-" ind2="1">
            <subfield code="g">Kurbayern</subfield>
            <subfield code="9">(DE-588)4005044-0</subfield>
          </datafield>
          <datafield tag="PSW" ind1="-" ind2="1">
            <subfield code="g">Freistaat Bayern</subfield>
            <subfield code="9">(DE-588)4005044-0</subfield>
          </datafield>
          <datafield tag="PSW" ind1="-" ind2="1">
            <subfield code="g">Stammesherzogtum Bayern</subfield>
            <subfield code="9">(DE-588)4005044-0</subfield>
          </datafield>
          <datafield tag="PSW" ind1="-" ind2="1">
            <subfield code="g">Bavarian State</subfield>
            <subfield code="9">(DE-588)4005044-0</subfield>
          </datafield>
          <datafield tag="PSW" ind1="-" ind2="1">
            <subfield code="g">Bayerischer Staat</subfield>
            <subfield code="9">(DE-588)4005044-0</subfield>
          </datafield>
          <datafield tag="PSW" ind1="-" ind2="1">
            <subfield code="g">Baiern</subfield>
            <subfield code="9">(DE-588)4005044-0</subfield>
          </datafield>
          <datafield tag="PSW" ind1="-" ind2="1">
            <subfield code="g">Volksstaat Bayern</subfield>
            <subfield code="9">(DE-588)4005044-0</subfield>
          </datafield>
          <datafield tag="PSW" ind1="-" ind2="1">
            <subfield code="g">Bavière</subfield>
            <subfield code="9">(DE-588)4005044-0</subfield>
          </datafield>
          <datafield tag="PSW" ind1="-" ind2="1">
            <subfield code="g">Bayrn</subfield>
            <subfield code="9">(DE-588)4005044-0</subfield>
          </datafield>
          <datafield tag="PSW" ind1="-" ind2="1">
            <subfield code="g">BY</subfield>
            <subfield code="9">(DE-588)4005044-0</subfield>
          </datafield>
          <datafield tag="PSW" ind1="-" ind2="1">
            <subfield code="g">Herzogtum Bayern</subfield>
            <subfield code="9">(DE-588)4005044-0</subfield>
          </datafield>
          <datafield tag="PSW" ind1="-" ind2="1">
            <subfield code="g">Königreich Bayern</subfield>
            <subfield code="9">(DE-588)4005044-0</subfield>
          </datafield>
          <datafield tag="PSW" ind1="-" ind2="1">
            <subfield code="g">Churbayern</subfield>
            <subfield code="9">(DE-588)4005044-0</subfield>
          </datafield>
          <datafield tag="PSW" ind1="-" ind2="1">
            <subfield code="g">Bavaria</subfield>
            <subfield code="9">(DE-588)4005044-0</subfield>
          </datafield>
          <datafield tag="PSW" ind1="-" ind2="1">
            <subfield code="g">Kurfürstentum Bayern</subfield>
            <subfield code="9">(DE-588)4005044-0</subfield>
          </datafield>
          <datafield tag="PSW" ind1="-" ind2="1">
            <subfield code="g">Kurbayern</subfield>
            <subfield code="9">(DE-588)4005044-0</subfield>
          </datafield>
          <datafield tag="PSW" ind1="-" ind2="1">
            <subfield code="g">Freistaat Bayern</subfield>
            <subfield code="9">(DE-588)4005044-0</subfield>
          </datafield>
          <datafield tag="PSW" ind1="-" ind2="1">
            <subfield code="g">Stammesherzogtum Bayern</subfield>
            <subfield code="9">(DE-588)4005044-0</subfield>
          </datafield>
          <datafield tag="PSW" ind1="-" ind2="1">
            <subfield code="g">Bavarian State</subfield>
            <subfield code="9">(DE-588)4005044-0</subfield>
          </datafield>
          <datafield tag="PSW" ind1="-" ind2="1">
            <subfield code="g">Bayerischer Staat</subfield>
            <subfield code="9">(DE-588)4005044-0</subfield>
          </datafield>
          <datafield tag="PSW" ind1="-" ind2="1">
            <subfield code="g">Baiern</subfield>
            <subfield code="9">(DE-588)4005044-0</subfield>
          </datafield>
          <datafield tag="PSW" ind1="-" ind2="1">
            <subfield code="g">Volksstaat Bayern</subfield>
            <subfield code="9">(DE-588)4005044-0</subfield>
          </datafield>
          <datafield tag="PSW" ind1="-" ind2="1">
            <subfield code="g">Bavière</subfield>
            <subfield code="9">(DE-588)4005044-0</subfield>
          </datafield>
          <datafield tag="PSW" ind1="-" ind2="1">
            <subfield code="g">Bayrn</subfield>
            <subfield code="9">(DE-588)4005044-0</subfield>
          </datafield>
          <datafield tag="PSW" ind1="-" ind2="1">
            <subfield code="g">BY</subfield>
            <subfield code="9">(DE-588)4005044-0</subfield>
          </datafield>
          <datafield tag="PSW" ind1="-" ind2="1">
            <subfield code="g">Herzogtum Bayern</subfield>
            <subfield code="9">(DE-588)4005044-0</subfield>
          </datafield>
          <datafield tag="PSW" ind1="-" ind2="1">
            <subfield code="g">Königreich Bayern</subfield>
            <subfield code="9">(DE-588)4005044-0</subfield>
          </datafield>
          <datafield tag="PSW" ind1="-" ind2="1">
            <subfield code="g">Churbayern</subfield>
            <subfield code="9">(DE-588)4005044-0</subfield>
          </datafield>
          <datafield tag="PSW" ind1="-" ind2="1">
            <subfield code="g">Bavaria</subfield>
            <subfield code="9">(DE-588)4005044-0</subfield>
          </datafield>
          <datafield tag="PSW" ind1="-" ind2="1">
            <subfield code="g">Kurfürstentum Bayern</subfield>
            <subfield code="9">(DE-588)4005044-0</subfield>
          </datafield>
          <datafield tag="PSW" ind1="-" ind2="1">
            <subfield code="g">Kurbayern</subfield>
            <subfield code="9">(DE-588)4005044-0</subfield>
          </datafield>
          <datafield tag="PSW" ind1="-" ind2="1">
            <subfield code="g">Freistaat Bayern</subfield>
            <subfield code="9">(DE-588)4005044-0</subfield>
          </datafield>
          <datafield tag="PSW" ind1="-" ind2="1">
            <subfield code="g">Stammesherzogtum Bayern</subfield>
            <subfield code="9">(DE-588)4005044-0</subfield>
          </datafield>
          <datafield tag="PKO" ind1="-" ind2="1">
            <subfield code="k">BVB</subfield>
            <subfield code="9">(DE-588)2106490-8</subfield>
          </datafield>
          <datafield tag="PKO" ind1="-" ind2="1">
            <subfield code="k">Bayerischer Bibliotheksverbund</subfield>
            <subfield code="9">(DE-588)2106490-8</subfield>
          </datafield>
          <datafield tag="PKO" ind1="-" ind2="1">
            <subfield code="k">BVB</subfield>
            <subfield code="h">Bibliotheksverbund Bayern</subfield>
            <subfield code="9">(DE-588)2106490-8</subfield>
          </datafield>
          <datafield tag="PKO" ind1="-" ind2="1">
            <subfield code="k">BVB</subfield>
            <subfield code="9">(DE-588)2106490-8</subfield>
          </datafield>
          <datafield tag="PKO" ind1="-" ind2="1">
            <subfield code="k">Bayerischer Bibliotheksverbund</subfield>
            <subfield code="9">(DE-588)2106490-8</subfield>
          </datafield>
          <datafield tag="PKO" ind1="-" ind2="1">
            <subfield code="k">BVB</subfield>
            <subfield code="h">Bibliotheksverbund Bayern</subfield>
            <subfield code="9">(DE-588)2106490-8</subfield>
          </datafield>
          <datafield tag="PKO" ind1="-" ind2="1">
            <subfield code="k">BVB</subfield>
            <subfield code="9">(DE-588)2106490-8</subfield>
          </datafield>
          <datafield tag="PKO" ind1="-" ind2="1">
            <subfield code="k">Bayerischer Bibliotheksverbund</subfield>
            <subfield code="9">(DE-588)2106490-8</subfield>
          </datafield>
          <datafield tag="PKO" ind1="-" ind2="1">
            <subfield code="k">BVB</subfield>
            <subfield code="h">Bibliotheksverbund Bayern</subfield>
            <subfield code="9">(DE-588)2106490-8</subfield>
          </datafield>
          <datafield tag="PKO" ind1="-" ind2="1">
            <subfield code="k">Bayern</subfield>
            <subfield code="b">Bayerische Staatliche Bibliotheken</subfield>
            <subfield code="b">Generaldirektion</subfield>
            <subfield code="9">(DE-588)35847-2</subfield>
          </datafield>
          <datafield tag="PKO" ind1="-" ind2="1">
            <subfield code="k">Bayerische Staatliche Bibliotheken</subfield>
            <subfield code="b">Generaldirektion</subfield>
            <subfield code="9">(DE-588)35847-2</subfield>
          </datafield>
          <datafield tag="PKO" ind1="-" ind2="1">
            <subfield code="k">Generaldirektion der Bayerischen Staatlichen Bibliotheken</subfield>
            <subfield code="9">(DE-588)35847-2</subfield>
          </datafield>
          <datafield tag="PKO" ind1="-" ind2="1">
            <subfield code="k">Bayern</subfield>
            <subfield code="b">Generaldirektion der Bayerischen Staatlichen Bibliotheken</subfield>
            <subfield code="b">Referat für das Öffentliche Büchereiwesen</subfield>
            <subfield code="9">(DE-588)35847-2</subfield>
          </datafield>
          <datafield tag="PKO" ind1="-" ind2="1">
            <subfield code="k">Bayern</subfield>
            <subfield code="b">Generaldirektion der Bayerischen Staatlichen Bibliotheken</subfield>
            <subfield code="b">Arbeitsgruppe für Alphabetische Katalogisierung</subfield>
            <subfield code="9">(DE-588)35847-2</subfield>
          </datafield>
          <datafield tag="PKO" ind1="-" ind2="1">
            <subfield code="k">Arbeitsgruppe für Alphabetische Katalogisierung</subfield>
            <subfield code="h">Bayern, Generaldirektion der Bayerischen Staatlichen Bibliotheken</subfield>
            <subfield code="9">(DE-588)35847-2</subfield>
          </datafield>
          <datafield tag="PKO" ind1="-" ind2="1">
            <subfield code="k">Bayern</subfield>
            <subfield code="b">Bayerische Staatliche Bibliotheken</subfield>
            <subfield code="b">Generaldirektion</subfield>
            <subfield code="9">(DE-588)35847-2</subfield>
          </datafield>
          <datafield tag="PKO" ind1="-" ind2="1">
            <subfield code="k">Bayerische Staatliche Bibliotheken</subfield>
            <subfield code="b">Generaldirektion</subfield>
            <subfield code="9">(DE-588)35847-2</subfield>
          </datafield>
          <datafield tag="PKO" ind1="-" ind2="1">
            <subfield code="k">Generaldirektion der Bayerischen Staatlichen Bibliotheken</subfield>
            <subfield code="9">(DE-588)35847-2</subfield>
          </datafield>
          <datafield tag="PKO" ind1="-" ind2="1">
            <subfield code="k">Bayern</subfield>
            <subfield code="b">Generaldirektion der Bayerischen Staatlichen Bibliotheken</subfield>
            <subfield code="b">Referat für das Öffentliche Büchereiwesen</subfield>
            <subfield code="9">(DE-588)35847-2</subfield>
          </datafield>
          <datafield tag="PKO" ind1="-" ind2="1">
            <subfield code="k">Bayern</subfield>
            <subfield code="b">Generaldirektion der Bayerischen Staatlichen Bibliotheken</subfield>
            <subfield code="b">Arbeitsgruppe für Alphabetische Katalogisierung</subfield>
            <subfield code="9">(DE-588)35847-2</subfield>
          </datafield>
          <datafield tag="PKO" ind1="-" ind2="1">
            <subfield code="k">Arbeitsgruppe für Alphabetische Katalogisierung</subfield>
            <subfield code="h">Bayern, Generaldirektion der Bayerischen Staatlichen Bibliotheken</subfield>
            <subfield code="9">(DE-588)35847-2</subfield>
          </datafield>
          <datafield tag="PKO" ind1="-" ind2="1">
            <subfield code="k">Bayern</subfield>
            <subfield code="b">Bayerische Staatliche Bibliotheken</subfield>
            <subfield code="b">Generaldirektion</subfield>
            <subfield code="9">(DE-588)35847-2</subfield>
          </datafield>
          <datafield tag="PKO" ind1="-" ind2="1">
            <subfield code="k">Bayerische Staatliche Bibliotheken</subfield>
            <subfield code="b">Generaldirektion</subfield>
            <subfield code="9">(DE-588)35847-2</subfield>
          </datafield>
          <datafield tag="PKO" ind1="-" ind2="1">
            <subfield code="k">Generaldirektion der Bayerischen Staatlichen Bibliotheken</subfield>
            <subfield code="9">(DE-588)35847-2</subfield>
          </datafield>
          <datafield tag="PKO" ind1="-" ind2="1">
            <subfield code="k">Bayern</subfield>
            <subfield code="b">Generaldirektion der Bayerischen Staatlichen Bibliotheken</subfield>
            <subfield code="b">Referat für das Öffentliche Büchereiwesen</subfield>
            <subfield code="9">(DE-588)35847-2</subfield>
          </datafield>
          <datafield tag="PKO" ind1="-" ind2="1">
            <subfield code="k">Bayern</subfield>
            <subfield code="b">Generaldirektion der Bayerischen Staatlichen Bibliotheken</subfield>
            <subfield code="b">Arbeitsgruppe für Alphabetische Katalogisierung</subfield>
            <subfield code="9">(DE-588)35847-2</subfield>
          </datafield>
          <datafield tag="PKO" ind1="-" ind2="1">
            <subfield code="k">Arbeitsgruppe für Alphabetische Katalogisierung</subfield>
            <subfield code="h">Bayern, Generaldirektion der Bayerischen Staatlichen Bibliotheken</subfield>
            <subfield code="9">(DE-588)35847-2</subfield>
          </datafield>
          <datafield tag="PKO" ind1="-" ind2="1">
            <subfield code="k">Bayern</subfield>
            <subfield code="b">Bayerische Staatliche Bibliotheken</subfield>
            <subfield code="b">Generaldirektion</subfield>
            <subfield code="9">(DE-588)35847-2</subfield>
          </datafield>
          <datafield tag="PKO" ind1="-" ind2="1">
            <subfield code="k">Bayerische Staatliche Bibliotheken</subfield>
            <subfield code="b">Generaldirektion</subfield>
            <subfield code="9">(DE-588)35847-2</subfield>
          </datafield>
          <datafield tag="PKO" ind1="-" ind2="1">
            <subfield code="k">Generaldirektion der Bayerischen Staatlichen Bibliotheken</subfield>
            <subfield code="9">(DE-588)35847-2</subfield>
          </datafield>
          <datafield tag="PKO" ind1="-" ind2="1">
            <subfield code="k">Bayern</subfield>
            <subfield code="b">Generaldirektion der Bayerischen Staatlichen Bibliotheken</subfield>
            <subfield code="b">Referat für das Öffentliche Büchereiwesen</subfield>
            <subfield code="9">(DE-588)35847-2</subfield>
          </datafield>
          <datafield tag="PKO" ind1="-" ind2="1">
            <subfield code="k">Bayern</subfield>
            <subfield code="b">Generaldirektion der Bayerischen Staatlichen Bibliotheken</subfield>
            <subfield code="b">Arbeitsgruppe für Alphabetische Katalogisierung</subfield>
            <subfield code="9">(DE-588)35847-2</subfield>
          </datafield>
          <datafield tag="PKO" ind1="-" ind2="1">
            <subfield code="k">Arbeitsgruppe für Alphabetische Katalogisierung</subfield>
            <subfield code="h">Bayern, Generaldirektion der Bayerischen Staatlichen Bibliotheken</subfield>
            <subfield code="9">(DE-588)35847-2</subfield>
          </datafield>
          <datafield tag="PKO" ind1="-" ind2="1">
            <subfield code="k">Staatsbibliothek</subfield>
            <subfield code="h">München</subfield>
            <subfield code="9">(DE-588)2031351-2</subfield>
          </datafield>
          <datafield tag="PKO" ind1="-" ind2="1">
            <subfield code="k">Bibliotheca Monacensis</subfield>
            <subfield code="9">(DE-588)2031351-2</subfield>
          </datafield>
          <datafield tag="PKO" ind1="-" ind2="1">
            <subfield code="k">Bavarian State Library</subfield>
            <subfield code="9">(DE-588)2031351-2</subfield>
          </datafield>
          <datafield tag="PKO" ind1="-" ind2="1">
            <subfield code="k">State Library</subfield>
            <subfield code="h">München</subfield>
            <subfield code="9">(DE-588)2031351-2</subfield>
          </datafield>
          <datafield tag="PKO" ind1="-" ind2="1">
            <subfield code="k">BSB</subfield>
            <subfield code="9">(DE-588)2031351-2</subfield>
          </datafield>
          <datafield tag="PKO" ind1="-" ind2="1">
            <subfield code="k">Bayerische Staatsbibliothek</subfield>
            <subfield code="h">München</subfield>
            <subfield code="9">(DE-588)2031351-2</subfield>
          </datafield>
          <datafield tag="PKO" ind1="-" ind2="1">
            <subfield code="k">Staatsbibliothek</subfield>
            <subfield code="h">München</subfield>
            <subfield code="9">(DE-588)2031351-2</subfield>
          </datafield>
          <datafield tag="PKO" ind1="-" ind2="1">
            <subfield code="k">Bibliotheca Monacensis</subfield>
            <subfield code="9">(DE-588)2031351-2</subfield>
          </datafield>
          <datafield tag="PKO" ind1="-" ind2="1">
            <subfield code="k">Bavarian State Library</subfield>
            <subfield code="9">(DE-588)2031351-2</subfield>
          </datafield>
          <datafield tag="PKO" ind1="-" ind2="1">
            <subfield code="k">State Library</subfield>
            <subfield code="h">München</subfield>
            <subfield code="9">(DE-588)2031351-2</subfield>
          </datafield>
          <datafield tag="PKO" ind1="-" ind2="1">
            <subfield code="k">BSB</subfield>
            <subfield code="9">(DE-588)2031351-2</subfield>
          </datafield>
          <datafield tag="PKO" ind1="-" ind2="1">
            <subfield code="k">Bayerische Staatsbibliothek</subfield>
            <subfield code="h">München</subfield>
            <subfield code="9">(DE-588)2031351-2</subfield>
          </datafield>
          <datafield tag="PKO" ind1="-" ind2="1">
            <subfield code="k">Staatsbibliothek</subfield>
            <subfield code="h">München</subfield>
            <subfield code="9">(DE-588)2031351-2</subfield>
          </datafield>
          <datafield tag="PKO" ind1="-" ind2="1">
            <subfield code="k">Bibliotheca Monacensis</subfield>
            <subfield code="9">(DE-588)2031351-2</subfield>
          </datafield>
          <datafield tag="PKO" ind1="-" ind2="1">
            <subfield code="k">Bavarian State Library</subfield>
            <subfield code="9">(DE-588)2031351-2</subfield>
          </datafield>
          <datafield tag="PKO" ind1="-" ind2="1">
            <subfield code="k">State Library</subfield>
            <subfield code="h">München</subfield>
            <subfield code="9">(DE-588)2031351-2</subfield>
          </datafield>
          <datafield tag="PKO" ind1="-" ind2="1">
            <subfield code="k">BSB</subfield>
            <subfield code="9">(DE-588)2031351-2</subfield>
          </datafield>
          <datafield tag="PKO" ind1="-" ind2="1">
            <subfield code="k">Bayerische Staatsbibliothek</subfield>
            <subfield code="h">München</subfield>
            <subfield code="9">(DE-588)2031351-2</subfield>
          </datafield>
          <datafield tag="PKO" ind1="-" ind2="1">
            <subfield code="k">Staatsbibliothek</subfield>
            <subfield code="h">München</subfield>
            <subfield code="9">(DE-588)2031351-2</subfield>
          </datafield>
          <datafield tag="PKO" ind1="-" ind2="1">
            <subfield code="k">Bibliotheca Monacensis</subfield>
            <subfield code="9">(DE-588)2031351-2</subfield>
          </datafield>
          <datafield tag="PKO" ind1="-" ind2="1">
            <subfield code="k">Bavarian State Library</subfield>
            <subfield code="9">(DE-588)2031351-2</subfield>
          </datafield>
          <datafield tag="PKO" ind1="-" ind2="1">
            <subfield code="k">State Library</subfield>
            <subfield code="h">München</subfield>
            <subfield code="9">(DE-588)2031351-2</subfield>
          </datafield>
          <datafield tag="PKO" ind1="-" ind2="1">
            <subfield code="k">BSB</subfield>
            <subfield code="9">(DE-588)2031351-2</subfield>
          </datafield>
          <datafield tag="PKO" ind1="-" ind2="1">
            <subfield code="k">Bayerische Staatsbibliothek</subfield>
            <subfield code="h">München</subfield>
            <subfield code="9">(DE-588)2031351-2</subfield>
          </datafield>
          <datafield tag="PKO" ind1="-" ind2="1">
            <subfield code="k">Staatsbibliothek</subfield>
            <subfield code="h">München</subfield>
            <subfield code="9">(DE-588)2031351-2</subfield>
          </datafield>
          <datafield tag="PKO" ind1="-" ind2="1">
            <subfield code="k">Bibliotheca Monacensis</subfield>
            <subfield code="9">(DE-588)2031351-2</subfield>
          </datafield>
          <datafield tag="PKO" ind1="-" ind2="1">
            <subfield code="k">Bavarian State Library</subfield>
            <subfield code="9">(DE-588)2031351-2</subfield>
          </datafield>
          <datafield tag="PKO" ind1="-" ind2="1">
            <subfield code="k">State Library</subfield>
            <subfield code="h">München</subfield>
            <subfield code="9">(DE-588)2031351-2</subfield>
          </datafield>
          <datafield tag="PKO" ind1="-" ind2="1">
            <subfield code="k">BSB</subfield>
            <subfield code="9">(DE-588)2031351-2</subfield>
          </datafield>
          <datafield tag="PKO" ind1="-" ind2="1">
            <subfield code="k">Bayerische Staatsbibliothek</subfield>
            <subfield code="h">München</subfield>
            <subfield code="9">(DE-588)2031351-2</subfield>
          </datafield>
          <datafield tag="PSW" ind1="-" ind2="1">
            <subfield code="g">Bavarian State</subfield>
            <subfield code="9">(DE-588)4005044-0</subfield>
          </datafield>
          <datafield tag="PSW" ind1="-" ind2="1">
            <subfield code="g">Bayerischer Staat</subfield>
            <subfield code="9">(DE-588)4005044-0</subfield>
          </datafield>
          <datafield tag="PSW" ind1="-" ind2="1">
            <subfield code="g">Baiern</subfield>
            <subfield code="9">(DE-588)4005044-0</subfield>
          </datafield>
          <datafield tag="PSW" ind1="-" ind2="1">
            <subfield code="g">Volksstaat Bayern</subfield>
            <subfield code="9">(DE-588)4005044-0</subfield>
          </datafield>
          <datafield tag="PSW" ind1="-" ind2="1">
            <subfield code="g">Bavière</subfield>
            <subfield code="9">(DE-588)4005044-0</subfield>
          </datafield>
          <datafield tag="PSW" ind1="-" ind2="1">
            <subfield code="g">Bayrn</subfield>
            <subfield code="9">(DE-588)4005044-0</subfield>
          </datafield>
          <datafield tag="PSW" ind1="-" ind2="1">
            <subfield code="g">BY</subfield>
            <subfield code="9">(DE-588)4005044-0</subfield>
          </datafield>
          <datafield tag="PSW" ind1="-" ind2="1">
            <subfield code="g">Herzogtum Bayern</subfield>
            <subfield code="9">(DE-588)4005044-0</subfield>
          </datafield>
          <datafield tag="PSW" ind1="-" ind2="1">
            <subfield code="g">Königreich Bayern</subfield>
            <subfield code="9">(DE-588)4005044-0</subfield>
          </datafield>
          <datafield tag="PSW" ind1="-" ind2="1">
            <subfield code="g">Churbayern</subfield>
            <subfield code="9">(DE-588)4005044-0</subfield>
          </datafield>
          <datafield tag="PSW" ind1="-" ind2="1">
            <subfield code="g">Bavaria</subfield>
            <subfield code="9">(DE-588)4005044-0</subfield>
          </datafield>
          <datafield tag="PSW" ind1="-" ind2="1">
            <subfield code="g">Kurfürstentum Bayern</subfield>
            <subfield code="9">(DE-588)4005044-0</subfield>
          </datafield>
          <datafield tag="PSW" ind1="-" ind2="1">
            <subfield code="g">Kurbayern</subfield>
            <subfield code="9">(DE-588)4005044-0</subfield>
          </datafield>
          <datafield tag="PSW" ind1="-" ind2="1">
            <subfield code="g">Freistaat Bayern</subfield>
            <subfield code="9">(DE-588)4005044-0</subfield>
          </datafield>
          <datafield tag="PSW" ind1="-" ind2="1">
            <subfield code="g">Stammesherzogtum Bayern</subfield>
            <subfield code="9">(DE-588)4005044-0</subfield>
          </datafield>
          <datafield tag="PSW" ind1="-" ind2="1">
            <subfield code="s">Bibliotheken</subfield>
            <subfield code="9">(DE-588)4006439-6</subfield>
          </datafield>
          <datafield tag="PSW" ind1="-" ind2="1">
            <subfield code="s">Allgemeinbibliothek</subfield>
            <subfield code="9">(DE-588)4006439-6</subfield>
          </datafield>
          <datafield tag="PSW" ind1="-" ind2="1">
            <subfield code="s">Bibliothekswesen</subfield>
            <subfield code="9">(DE-588)4006439-6</subfield>
          </datafield>
          <datafield tag="PSW" ind1="-" ind2="1">
            <subfield code="s">Bücherei</subfield>
            <subfield code="9">(DE-588)4006439-6</subfield>
          </datafield>
          <datafield tag="PSW" ind1="-" ind2="1">
            <subfield code="s">Universalbibliothek</subfield>
            <subfield code="9">(DE-588)4006439-6</subfield>
          </datafield>
          <datafield tag="PSW" ind1="-" ind2="1">
            <subfield code="s">Gebrauchsbibliothek</subfield>
            <subfield code="9">(DE-588)4006439-6</subfield>
          </datafield>
          <datafield tag="PSW" ind1="-" ind2="1">
            <subfield code="s">Bibliotheken</subfield>
            <subfield code="9">(DE-588)4006439-6</subfield>
          </datafield>
          <datafield tag="PSW" ind1="-" ind2="1">
            <subfield code="s">Allgemeinbibliothek</subfield>
            <subfield code="9">(DE-588)4006439-6</subfield>
          </datafield>
          <datafield tag="PSW" ind1="-" ind2="1">
            <subfield code="s">Bibliothekswesen</subfield>
            <subfield code="9">(DE-588)4006439-6</subfield>
          </datafield>
          <datafield tag="PSW" ind1="-" ind2="1">
            <subfield code="s">Bücherei</subfield>
            <subfield code="9">(DE-588)4006439-6</subfield>
          </datafield>
          <datafield tag="PSW" ind1="-" ind2="1">
            <subfield code="s">Universalbibliothek</subfield>
            <subfield code="9">(DE-588)4006439-6</subfield>
          </datafield>
          <datafield tag="PSW" ind1="-" ind2="1">
            <subfield code="s">Gebrauchsbibliothek</subfield>
            <subfield code="9">(DE-588)4006439-6</subfield>
          </datafield>
          <datafield tag="PKO" ind1="-" ind2="1">
            <subfield code="k">Staatsbibliothek</subfield>
            <subfield code="h">München</subfield>
            <subfield code="9">(DE-588)2031351-2</subfield>
          </datafield>
          <datafield tag="PKO" ind1="-" ind2="1">
            <subfield code="k">Bibliotheca Monacensis</subfield>
            <subfield code="9">(DE-588)2031351-2</subfield>
          </datafield>
          <datafield tag="PKO" ind1="-" ind2="1">
            <subfield code="k">Bavarian State Library</subfield>
            <subfield code="9">(DE-588)2031351-2</subfield>
          </datafield>
          <datafield tag="PKO" ind1="-" ind2="1">
            <subfield code="k">State Library</subfield>
            <subfield code="h">München</subfield>
            <subfield code="9">(DE-588)2031351-2</subfield>
          </datafield>
          <datafield tag="PKO" ind1="-" ind2="1">
            <subfield code="k">BSB</subfield>
            <subfield code="9">(DE-588)2031351-2</subfield>
          </datafield>
          <datafield tag="PKO" ind1="-" ind2="1">
            <subfield code="k">Bayerische Staatsbibliothek</subfield>
            <subfield code="h">München</subfield>
            <subfield code="9">(DE-588)2031351-2</subfield>
          </datafield>
          <datafield tag="PSW" ind1="-" ind2="1">
            <subfield code="g">Bavarian State</subfield>
            <subfield code="9">(DE-588)4005044-0</subfield>
          </datafield>
          <datafield tag="PSW" ind1="-" ind2="1">
            <subfield code="g">Bayerischer Staat</subfield>
            <subfield code="9">(DE-588)4005044-0</subfield>
          </datafield>
          <datafield tag="PSW" ind1="-" ind2="1">
            <subfield code="g">Baiern</subfield>
            <subfield code="9">(DE-588)4005044-0</subfield>
          </datafield>
          <datafield tag="PSW" ind1="-" ind2="1">
            <subfield code="g">Volksstaat Bayern</subfield>
            <subfield code="9">(DE-588)4005044-0</subfield>
          </datafield>
          <datafield tag="PSW" ind1="-" ind2="1">
            <subfield code="g">Bavière</subfield>
            <subfield code="9">(DE-588)4005044-0</subfield>
          </datafield>
          <datafield tag="PSW" ind1="-" ind2="1">
            <subfield code="g">Bayrn</subfield>
            <subfield code="9">(DE-588)4005044-0</subfield>
          </datafield>
          <datafield tag="PSW" ind1="-" ind2="1">
            <subfield code="g">BY</subfield>
            <subfield code="9">(DE-588)4005044-0</subfield>
          </datafield>
          <datafield tag="PSW" ind1="-" ind2="1">
            <subfield code="g">Herzogtum Bayern</subfield>
            <subfield code="9">(DE-588)4005044-0</subfield>
          </datafield>
          <datafield tag="PSW" ind1="-" ind2="1">
            <subfield code="g">Königreich Bayern</subfield>
            <subfield code="9">(DE-588)4005044-0</subfield>
          </datafield>
          <datafield tag="PSW" ind1="-" ind2="1">
            <subfield code="g">Churbayern</subfield>
            <subfield code="9">(DE-588)4005044-0</subfield>
          </datafield>
          <datafield tag="PSW" ind1="-" ind2="1">
            <subfield code="g">Bavaria</subfield>
            <subfield code="9">(DE-588)4005044-0</subfield>
          </datafield>
          <datafield tag="PSW" ind1="-" ind2="1">
            <subfield code="g">Kurfürstentum Bayern</subfield>
            <subfield code="9">(DE-588)4005044-0</subfield>
          </datafield>
          <datafield tag="PSW" ind1="-" ind2="1">
            <subfield code="g">Kurbayern</subfield>
            <subfield code="9">(DE-588)4005044-0</subfield>
          </datafield>
          <datafield tag="PSW" ind1="-" ind2="1">
            <subfield code="g">Freistaat Bayern</subfield>
            <subfield code="9">(DE-588)4005044-0</subfield>
          </datafield>
          <datafield tag="PSW" ind1="-" ind2="1">
            <subfield code="g">Stammesherzogtum Bayern</subfield>
            <subfield code="9">(DE-588)4005044-0</subfield>
          </datafield>
          <datafield tag="PKO" ind1="-" ind2="1">
            <subfield code="k">Bayern</subfield>
            <subfield code="b">Bayerische Staatliche Bibliotheken</subfield>
            <subfield code="b">Generaldirektion</subfield>
            <subfield code="9">(DE-588)35847-2</subfield>
          </datafield>
          <datafield tag="PKO" ind1="-" ind2="1">
            <subfield code="k">Bayerische Staatliche Bibliotheken</subfield>
            <subfield code="b">Generaldirektion</subfield>
            <subfield code="9">(DE-588)35847-2</subfield>
          </datafield>
          <datafield tag="PKO" ind1="-" ind2="1">
            <subfield code="k">Generaldirektion der Bayerischen Staatlichen Bibliotheken</subfield>
            <subfield code="9">(DE-588)35847-2</subfield>
          </datafield>
          <datafield tag="PKO" ind1="-" ind2="1">
            <subfield code="k">Bayern</subfield>
            <subfield code="b">Generaldirektion der Bayerischen Staatlichen Bibliotheken</subfield>
            <subfield code="b">Referat für das Öffentliche Büchereiwesen</subfield>
            <subfield code="9">(DE-588)35847-2</subfield>
          </datafield>
          <datafield tag="PKO" ind1="-" ind2="1">
            <subfield code="k">Bayern</subfield>
            <subfield code="b">Generaldirektion der Bayerischen Staatlichen Bibliotheken</subfield>
            <subfield code="b">Arbeitsgruppe für Alphabetische Katalogisierung</subfield>
            <subfield code="9">(DE-588)35847-2</subfield>
          </datafield>
          <datafield tag="PKO" ind1="-" ind2="1">
            <subfield code="k">Arbeitsgruppe für Alphabetische Katalogisierung</subfield>
            <subfield code="h">Bayern, Generaldirektion der Bayerischen Staatlichen Bibliotheken</subfield>
            <subfield code="9">(DE-588)35847-2</subfield>
          </datafield>
          <datafield tag="PSW" ind1="-" ind2="1">
            <subfield code="g">Bavarian State</subfield>
            <subfield code="9">(DE-588)4005044-0</subfield>
          </datafield>
          <datafield tag="PSW" ind1="-" ind2="1">
            <subfield code="g">Bayerischer Staat</subfield>
            <subfield code="9">(DE-588)4005044-0</subfield>
          </datafield>
          <datafield tag="PSW" ind1="-" ind2="1">
            <subfield code="g">Baiern</subfield>
            <subfield code="9">(DE-588)4005044-0</subfield>
          </datafield>
          <datafield tag="PSW" ind1="-" ind2="1">
            <subfield code="g">Volksstaat Bayern</subfield>
            <subfield code="9">(DE-588)4005044-0</subfield>
          </datafield>
          <datafield tag="PSW" ind1="-" ind2="1">
            <subfield code="g">Bavière</subfield>
            <subfield code="9">(DE-588)4005044-0</subfield>
          </datafield>
          <datafield tag="PSW" ind1="-" ind2="1">
            <subfield code="g">Bayrn</subfield>
            <subfield code="9">(DE-588)4005044-0</subfield>
          </datafield>
          <datafield tag="PSW" ind1="-" ind2="1">
            <subfield code="g">BY</subfield>
            <subfield code="9">(DE-588)4005044-0</subfield>
          </datafield>
          <datafield tag="PSW" ind1="-" ind2="1">
            <subfield code="g">Herzogtum Bayern</subfield>
            <subfield code="9">(DE-588)4005044-0</subfield>
          </datafield>
          <datafield tag="PSW" ind1="-" ind2="1">
            <subfield code="g">Königreich Bayern</subfield>
            <subfield code="9">(DE-588)4005044-0</subfield>
          </datafield>
          <datafield tag="PSW" ind1="-" ind2="1">
            <subfield code="g">Churbayern</subfield>
            <subfield code="9">(DE-588)4005044-0</subfield>
          </datafield>
          <datafield tag="PSW" ind1="-" ind2="1">
            <subfield code="g">Bavaria</subfield>
            <subfield code="9">(DE-588)4005044-0</subfield>
          </datafield>
          <datafield tag="PSW" ind1="-" ind2="1">
            <subfield code="g">Kurfürstentum Bayern</subfield>
            <subfield code="9">(DE-588)4005044-0</subfield>
          </datafield>
          <datafield tag="PSW" ind1="-" ind2="1">
            <subfield code="g">Kurbayern</subfield>
            <subfield code="9">(DE-588)4005044-0</subfield>
          </datafield>
          <datafield tag="PSW" ind1="-" ind2="1">
            <subfield code="g">Freistaat Bayern</subfield>
            <subfield code="9">(DE-588)4005044-0</subfield>
          </datafield>
          <datafield tag="PSW" ind1="-" ind2="1">
            <subfield code="g">Stammesherzogtum Bayern</subfield>
            <subfield code="9">(DE-588)4005044-0</subfield>
          </datafield>
          <datafield tag="PSW" ind1="-" ind2="1">
            <subfield code="s">Bibliotheken</subfield>
            <subfield code="9">(DE-588)4006439-6</subfield>
          </datafield>
          <datafield tag="PSW" ind1="-" ind2="1">
            <subfield code="s">Allgemeinbibliothek</subfield>
            <subfield code="9">(DE-588)4006439-6</subfield>
          </datafield>
          <datafield tag="PSW" ind1="-" ind2="1">
            <subfield code="s">Bibliothekswesen</subfield>
            <subfield code="9">(DE-588)4006439-6</subfield>
          </datafield>
          <datafield tag="PSW" ind1="-" ind2="1">
            <subfield code="s">Bücherei</subfield>
            <subfield code="9">(DE-588)4006439-6</subfield>
          </datafield>
          <datafield tag="PSW" ind1="-" ind2="1">
            <subfield code="s">Universalbibliothek</subfield>
            <subfield code="9">(DE-588)4006439-6</subfield>
          </datafield>
          <datafield tag="PSW" ind1="-" ind2="1">
            <subfield code="s">Gebrauchsbibliothek</subfield>
            <subfield code="9">(DE-588)4006439-6</subfield>
          </datafield>
          <datafield tag="PKO" ind1="-" ind2="1">
            <subfield code="k">Bayern</subfield>
            <subfield code="b">Bayerische Staatliche Bibliotheken</subfield>
            <subfield code="b">Generaldirektion</subfield>
            <subfield code="9">(DE-588)35847-2</subfield>
          </datafield>
          <datafield tag="PKO" ind1="-" ind2="1">
            <subfield code="k">Bayerische Staatliche Bibliotheken</subfield>
            <subfield code="b">Generaldirektion</subfield>
            <subfield code="9">(DE-588)35847-2</subfield>
          </datafield>
          <datafield tag="PKO" ind1="-" ind2="1">
            <subfield code="k">Generaldirektion der Bayerischen Staatlichen Bibliotheken</subfield>
            <subfield code="9">(DE-588)35847-2</subfield>
          </datafield>
          <datafield tag="PKO" ind1="-" ind2="1">
            <subfield code="k">Bayern</subfield>
            <subfield code="b">Generaldirektion der Bayerischen Staatlichen Bibliotheken</subfield>
            <subfield code="b">Referat für das Öffentliche Büchereiwesen</subfield>
            <subfield code="9">(DE-588)35847-2</subfield>
          </datafield>
          <datafield tag="PKO" ind1="-" ind2="1">
            <subfield code="k">Bayern</subfield>
            <subfield code="b">Generaldirektion der Bayerischen Staatlichen Bibliotheken</subfield>
            <subfield code="b">Arbeitsgruppe für Alphabetische Katalogisierung</subfield>
            <subfield code="9">(DE-588)35847-2</subfield>
          </datafield>
          <datafield tag="PKO" ind1="-" ind2="1">
            <subfield code="k">Arbeitsgruppe für Alphabetische Katalogisierung</subfield>
            <subfield code="h">Bayern, Generaldirektion der Bayerischen Staatlichen Bibliotheken</subfield>
            <subfield code="9">(DE-588)35847-2</subfield>
          </datafield>
          <datafield tag="PKO" ind1="-" ind2="1">
            <subfield code="k">Staatsbibliothek</subfield>
            <subfield code="h">München</subfield>
            <subfield code="9">(DE-588)2031351-2</subfield>
          </datafield>
          <datafield tag="PKO" ind1="-" ind2="1">
            <subfield code="k">Bibliotheca Monacensis</subfield>
            <subfield code="9">(DE-588)2031351-2</subfield>
          </datafield>
          <datafield tag="PKO" ind1="-" ind2="1">
            <subfield code="k">Bavarian State Library</subfield>
            <subfield code="9">(DE-588)2031351-2</subfield>
          </datafield>
          <datafield tag="PKO" ind1="-" ind2="1">
            <subfield code="k">State Library</subfield>
            <subfield code="h">München</subfield>
            <subfield code="9">(DE-588)2031351-2</subfield>
          </datafield>
          <datafield tag="PKO" ind1="-" ind2="1">
            <subfield code="k">BSB</subfield>
            <subfield code="9">(DE-588)2031351-2</subfield>
          </datafield>
          <datafield tag="PKO" ind1="-" ind2="1">
            <subfield code="k">Bayerische Staatsbibliothek</subfield>
            <subfield code="h">München</subfield>
            <subfield code="9">(DE-588)2031351-2</subfield>
          </datafield>
          <datafield tag="PSW" ind1="-" ind2="1">
            <subfield code="s">Bibliotheken</subfield>
            <subfield code="9">(DE-588)4006439-6</subfield>
          </datafield>
          <datafield tag="PSW" ind1="-" ind2="1">
            <subfield code="s">Allgemeinbibliothek</subfield>
            <subfield code="9">(DE-588)4006439-6</subfield>
          </datafield>
          <datafield tag="PSW" ind1="-" ind2="1">
            <subfield code="s">Bibliothekswesen</subfield>
            <subfield code="9">(DE-588)4006439-6</subfield>
          </datafield>
          <datafield tag="PSW" ind1="-" ind2="1">
            <subfield code="s">Bücherei</subfield>
            <subfield code="9">(DE-588)4006439-6</subfield>
          </datafield>
          <datafield tag="PSW" ind1="-" ind2="1">
            <subfield code="s">Universalbibliothek</subfield>
            <subfield code="9">(DE-588)4006439-6</subfield>
          </datafield>
          <datafield tag="PSW" ind1="-" ind2="1">
            <subfield code="s">Gebrauchsbibliothek</subfield>
            <subfield code="9">(DE-588)4006439-6</subfield>
          </datafield>
          <datafield tag="PKO" ind1="-" ind2="1">
            <subfield code="k">BVB</subfield>
            <subfield code="9">(DE-588)2106490-8</subfield>
          </datafield>
          <datafield tag="PKO" ind1="-" ind2="1">
            <subfield code="k">Bayerischer Bibliotheksverbund</subfield>
            <subfield code="9">(DE-588)2106490-8</subfield>
          </datafield>
          <datafield tag="PKO" ind1="-" ind2="1">
            <subfield code="k">BVB</subfield>
            <subfield code="h">Bibliotheksverbund Bayern</subfield>
            <subfield code="9">(DE-588)2106490-8</subfield>
          </datafield>
          <datafield tag="PKO" ind1="-" ind2="1">
            <subfield code="k">BVB</subfield>
            <subfield code="9">(DE-588)2106490-8</subfield>
          </datafield>
          <datafield tag="PKO" ind1="-" ind2="1">
            <subfield code="k">Bayerischer Bibliotheksverbund</subfield>
            <subfield code="9">(DE-588)2106490-8</subfield>
          </datafield>
          <datafield tag="PKO" ind1="-" ind2="1">
            <subfield code="k">BVB</subfield>
            <subfield code="h">Bibliotheksverbund Bayern</subfield>
            <subfield code="9">(DE-588)2106490-8</subfield>
          </datafield>
          <datafield tag="PKO" ind1="-" ind2="1">
            <subfield code="k">Staatsbibliothek</subfield>
            <subfield code="h">München</subfield>
            <subfield code="9">(DE-588)2031351-2</subfield>
          </datafield>
          <datafield tag="PKO" ind1="-" ind2="1">
            <subfield code="k">Bibliotheca Monacensis</subfield>
            <subfield code="9">(DE-588)2031351-2</subfield>
          </datafield>
          <datafield tag="PKO" ind1="-" ind2="1">
            <subfield code="k">Bavarian State Library</subfield>
            <subfield code="9">(DE-588)2031351-2</subfield>
          </datafield>
          <datafield tag="PKO" ind1="-" ind2="1">
            <subfield code="k">State Library</subfield>
            <subfield code="h">München</subfield>
            <subfield code="9">(DE-588)2031351-2</subfield>
          </datafield>
          <datafield tag="PKO" ind1="-" ind2="1">
            <subfield code="k">BSB</subfield>
            <subfield code="9">(DE-588)2031351-2</subfield>
          </datafield>
          <datafield tag="PKO" ind1="-" ind2="1">
            <subfield code="k">Bayerische Staatsbibliothek</subfield>
            <subfield code="h">München</subfield>
            <subfield code="9">(DE-588)2031351-2</subfield>
          </datafield>
          <datafield tag="PKO" ind1="-" ind2="1">
            <subfield code="k">Staatsbibliothek</subfield>
            <subfield code="h">München</subfield>
            <subfield code="9">(DE-588)2031351-2</subfield>
          </datafield>
          <datafield tag="PKO" ind1="-" ind2="1">
            <subfield code="k">Bibliotheca Monacensis</subfield>
            <subfield code="9">(DE-588)2031351-2</subfield>
          </datafield>
          <datafield tag="PKO" ind1="-" ind2="1">
            <subfield code="k">Bavarian State Library</subfield>
            <subfield code="9">(DE-588)2031351-2</subfield>
          </datafield>
          <datafield tag="PKO" ind1="-" ind2="1">
            <subfield code="k">State Library</subfield>
            <subfield code="h">München</subfield>
            <subfield code="9">(DE-588)2031351-2</subfield>
          </datafield>
          <datafield tag="PKO" ind1="-" ind2="1">
            <subfield code="k">BSB</subfield>
            <subfield code="9">(DE-588)2031351-2</subfield>
          </datafield>
          <datafield tag="PKO" ind1="-" ind2="1">
            <subfield code="k">Bayerische Staatsbibliothek</subfield>
            <subfield code="h">München</subfield>
            <subfield code="9">(DE-588)2031351-2</subfield>
          </datafield>
          <datafield tag="125" ind1="a" ind2=" ">
            <subfield code="a">Stücktitel für Sonderhefte</subfield>
          </datafield>
          <datafield tag="200" ind1=" " ind2=" ">
            <subfield code="0">2</subfield>
            <subfield code="a">- Sonderh. zu</subfield>
            <subfield code="b">[N.F.] 9.2015</subfield>
            <subfield code="f">P 02/01 b 6</subfield>
          </datafield>
          <datafield tag="OWN" ind1=" " ind2=" ">
            <subfield code="a">P0001</subfield>
          </datafield>
          <datafield tag="200" ind1=" " ind2=" ">
            <subfield code="0">1</subfield>
            <subfield code="b">1.1973 - 34.2006</subfield>
            <subfield code="f">P 10/01 b 6</subfield>
          </datafield>
          <datafield tag="OWN" ind1=" " ind2=" ">
            <subfield code="a">P0001</subfield>
          </datafield>
          <datafield tag="PLK" ind1=" " ind2=" ">
            <subfield code="a">PAR</subfield>
            <subfield code="l">PAD01</subfield>
            <subfield code="b">000962188</subfield>
            <subfield code="m">Auch unter dem Titel:^Bibliotheksforum Bayern.^1973</subfield>
            <subfield code="n">Auch unter dem Titel:^Bibliotheksforum Bayern.^2007</subfield>
          </datafield>
          <datafield tag="PLK" ind1=" " ind2=" ">
            <subfield code="a">SRD</subfield>
            <subfield code="l">PAD01</subfield>
            <subfield code="b">001786064</subfield>
            <subfield code="m">Bibliotheksforum Bayern.^1973</subfield>
            <subfield code="n">[N.F.] 9, Sonderheft.^&lt;&lt;Die&gt;&gt; Bayerische Staatsbibliothek im digitalen Zeitalter.^2015</subfield>
          </datafield>
          <datafield tag="LOC" ind1=" " ind2=" ">
            <subfield code="m">ISSBD</subfield>
            <subfield code="a">P0001</subfield>
            <subfield code="b">02</subfield>
            <subfield code="d">01b6</subfield>
            <subfield code="g">N.F. 9.2015, Sonderh.</subfield>
            <subfield code="n">36</subfield>
            <subfield code="k">20150303</subfield>
            <subfield code="5">874596-200</subfield>
          </datafield>
          <datafield tag="LOC" ind1=" " ind2=" ">
            <subfield code="m">ISSBD</subfield>
            <subfield code="a">P0001</subfield>
            <subfield code="b">10</subfield>
            <subfield code="d">01b6</subfield>
            <subfield code="g">32.2004</subfield>
            <subfield code="i">04:207</subfield>
            <subfield code="n">36</subfield>
            <subfield code="k">20040303</subfield>
            <subfield code="5">874596-60</subfield>
          </datafield>
          <datafield tag="LOC" ind1=" " ind2=" ">
            <subfield code="m">ISSBD</subfield>
            <subfield code="a">P0001</subfield>
            <subfield code="b">10</subfield>
            <subfield code="d">01b6</subfield>
            <subfield code="g">33.2005</subfield>
            <subfield code="i">05:193</subfield>
            <subfield code="n">36</subfield>
            <subfield code="k">20050216</subfield>
            <subfield code="5">874596-110</subfield>
          </datafield>
          <datafield tag="LOC" ind1=" " ind2=" ">
            <subfield code="m">ISSBD</subfield>
            <subfield code="a">P0001</subfield>
            <subfield code="b">10</subfield>
            <subfield code="d">01b6</subfield>
            <subfield code="g">34.2006</subfield>
            <subfield code="i">06:294</subfield>
            <subfield code="n">36</subfield>
            <subfield code="k">20070426</subfield>
            <subfield code="5">874596-190</subfield>
          </datafield>
        </record>
      </metadata>
    </record>
  </ListRecords>
</OAI-PMH>
